@misc{fay2000group,
  title={Group discussion as interactive dialogue or serial monologue: The influence of group size},
  author={Fay, Nicolas and Garrod, Simon and Carletta, Jean},
  journal={Psychological Science},
  volume={11},
  number={6},
  pages={481--486},
  year={2000},
  publisher={SAGE Publications},
  url = {https://doi.org/10.1111/1467-9280.00292},
  %doi = {10.1111/1467-9280.00292}
}

@misc{involve_citizensjury,
  title={Citizens' Jury},
  author={{Involve}},
  year={2020},
  url={https://www.involve.org.uk/resource/citizens-jury},
  note={Accessed: 2025-05-25}
}

@misc{participedia_citizensjury,
  title={Citizens' Jury},
  author={{Participedia}},
  year={2023},
  url={https://participedia.net/method/155},
  note={Accessed: 2025-05-25}
}

@book{fishkin2009deliberative,
  title={When the People Speak: Deliberative Democracy and Public Consultation},
  author={Fishkin, James S},
  year={2009},
  publisher={Oxford University Press},
  url = {https://doi.org/10.1017/S153759271000143X},
  doi = {10.1017/S153759271000143X}
}

@misc{menon2011oddgroups,
  title={Getting even or being at odds? Cohesion in even-and odd-sized small groups},
  author={Menon, Tanya and Phillips, Katherine W},
  journal={Organization Science},
  volume={22},
  number={3},
  pages={738--753},
  year={2011},
  publisher={INFORMS},
  url = {https://doi.org/10.1287/orsc.1100.0535},
  %doi = {10.1287/orsc.1100.0535}
}

@misc{anagnostopoulos2012groupformation,
  title={Online team formation in social networks},
  author={Anagnostopoulos, Aris and Becchetti, Luca and Castillo, Carlos and Gionis, Aristides and Leonardi, Stefano},
  booktitle={Proceedings of the 21st International Conference on World Wide Web},
  pages={839--848},
  year={2012},
  url = {https://doi.org/10.1145/2187836.2187950},
  %doi = {10.1145/2187836.2187950},
}

@misc{charlin2013toronto,
  title={A Toronto Paper Matching System for ICML 2014},
  author={Charlin, Laurent and Zemel, Richard S},
  booktitle={Proceedings of ICML Workshop on Peer Reviewing and Publishing Models},
  year={2013},
  url = {https://openreview.net/forum?id=caynafZAnBafx},
}

@misc{celis2018fair,
  title = 	 {Fair and Diverse {DPP}-Based Data Summarization},
  author =   {Celis, Elisa and Keswani, Vijay and Straszak, Damian and Deshpande, Amit and Kathuria, Tarun and Vishnoi, Nisheeth},
  booktitle = 	 {Proceedings of the 35th International Conference on Machine Learning},
  pages = 	 {716--725},
  year = 	 {2018},
  editor = 	 {Dy, Jennifer and Krause, Andreas},
  volume = 	 {80},
  series = 	 {Proceedings of Machine Learning Research},
  publisher =    {PMLR},
  pdf = 	 {http://proceedings.mlr.press/v80/celis18a/celis18a.pdf},
  url = 	 {https://proceedings.mlr.press/v80/celis18a.html}
}

@misc{polis_data,
  title = {vTaiwan Pol.is UberX Data (2015--2017)},
  author = {{g0v.tw}},
  url = {g0v.tv},
  note = {Accessed via Sunflower Movement archive and PDIS open data portals}
}

@misc{tiku2018taiwan,
  author       = {Nitasha Tiku},
  title        = {The simple but ingenious system Taiwan uses to crowdsource its laws},
  journal      = {MIT Technology Review},
  year         = {2018},
  month        = aug,
  url          = {https://www.technologyreview.com/2018/08/21/240284/the-simple-but-ingenious-system-taiwan-uses-to-crowdsource-its-laws/},
  note         = {Accessed: 2025-05-26}
}

@misc{radial_clustering,
  author = {Tan, Bryan and Ng, Joie and Tang, Audrey and Wang, Henrich},
  title = {Radial Clustering for Deliberative Group Modeling},
  journal = {Proceedings of the ACM Conference on Fairness, Accountability, and Transparency},
  year = {2022}
}

@misc{mdgp,
  author = {Kochenberger, G. A. and Wang, H. and Lewis, M.},
  title = {Modeling and solving the maximum diversity problem},
  journal = {Journal of Combinatorial Optimization},
  volume = {22},
  number = {1},
  year = {2011},
  pages = {59--78}
}

@misc{balanced_partitioning,
  title={The balanced maximally diverse grouping problem with integer attribute values},
  author={Schulz, Arne},
  journal={Journal of Combinatorial Optimization},
  volume={45},
  number={5},
  pages={135},
  year={2023},
  publisher={Springer},
  url = {vahttps://link.springer.com/article/10.1007/s10878-023-01061-2ue},
}

